

@inproceedings{magnesen,
  title={A Review of Findings from Learning and Memory Retention Studies.},
  author={Magnesen, Vernon A},
  booktitle={Innovation Abstracts},
  volume={5},
  number={25},
  pages={n25},
  year={1983},
  organization={ERIC}
}


@article{wirth,
  title={Mechanisms for teaching introductory programming using active learning},
  author={Wirth, Michael},
  year={2004}
}




@inproceedings{experiment_iceland_2006,
  title={How to teach programming languages to novice students? Lecturing or not},
  author={Matth{\'\i}asd{\'o}ttir, {\'A}sr{\'u}n},
  booktitle={International Conference on Computer Systems and Technologies-CompSysTech},
  volume={6},
  pages={15--16},
  year={2006}
}



@inproceedings{mohorovivcic2011overview,
  title={An Overview of Computer Programming Teaching Methods},
  author={Mohorovi{\v{c}}i{\'c}, Sanja and Str{\v{c}}i{\'c}, Vedran},
  booktitle={XXII Central European Conference on Information and Intelligent Systems},
  pages={1--6},
  year={2011}
}



@inproceedings{journey_Jenkins,
  title={Teaching Programming-A journey from teacher to motivator},
  author={Jenkins, Tony},
  booktitle={The 2nd Annual Conference of the LSTN Center for Information and Computer Science},
  year={2001}
}


@article{state_of_art,
  title={Teaching programming the state of the art},
  author={Costelloe, Eileen},
  journal={The Center for Research in IT in Education. Dept. of Computer Science Education. Dublin: Trinity College. Recuperado de http://www. scss. tcd. ie/disciplines/information\_systems/crite/crite\_web/publications/sources/programmingv1. pdf},
  year={2004}
}


@inproceedings{de2002language,
  title={Language trends in introductory programming courses},
  author={De Raadt, Michael and Watson, Richard and Toleman, Mark},
  booktitle={Proceedings of the 2002 Informing Science+ Information Technology Education Joint Conference (InSITE 2002)},
  pages={229--337},
  year={2002},
  organization={Informing Science Institute}
}



